@online{Naturskyddsforeningen,
    author = {Naturskyddsföreningen},
    title = {Hur fungerar solceller och solfångare?},
    url = {https://www.naturskyddsforeningen.se/faktablad/hur-fungerar-solceller-och-solfangare/},
    urldate = {2023-01-31},
}